<record><leader>00000cas a22000007a 4500</leader><controlfield tag="001">49752394</controlfield><controlfield tag="008">020509c20029999iaudn n       0   a0eng c</controlfield><datafield ind1=" " ind2=" " tag="010"><subfield code="a">  2002212865</subfield></datafield><datafield ind1=" " ind2=" " tag="040"><subfield code="a">NSD</subfield><subfield code="b">eng</subfield><subfield code="c">NSD</subfield><subfield code="d">OCLCQ</subfield></datafield><datafield ind1=" " ind2=" " tag="012"><subfield code="m">y</subfield></datafield><datafield ind1="0" ind2=" " tag="022"><subfield code="a">1539-9524</subfield><subfield code="l">1539-9524</subfield><subfield code="2">1</subfield></datafield><datafield ind1=" " ind2=" " tag="032"><subfield code="a">102400</subfield><subfield code="b">USPS</subfield></datafield><datafield ind1=" " ind2=" " tag="037"><subfield code="b">Chronicle Times, 111 S. 2nd St., Cherokee, IA 51012</subfield></datafield><datafield ind1=" " ind2=" " tag="042"><subfield code="a">nsdp</subfield><subfield code="a">pcc</subfield></datafield><datafield ind1="0" ind2=" " tag="210"><subfield code="a">Chron. times</subfield></datafield><datafield ind1=" " ind2="0" tag="222"><subfield code="a">Chronicle times</subfield></datafield><datafield ind1="0" ind2="0" tag="245"><subfield code="a">Chronicle times.</subfield></datafield><datafield ind1=" " ind2=" " tag="260"><subfield code="a">Cherokee, Iowa :</subfield><subfield code="b">Chronicle Times</subfield></datafield><datafield ind1=" " ind2=" " tag="300"><subfield code="a">v.</subfield></datafield><datafield ind1=" " ind2=" " tag="310"><subfield code="a">Daily (Monday, Wednesday, Thursday, Friday, except holidays)</subfield></datafield><datafield ind1=" " ind2=" " tag="588"><subfield code="a">Description based on surrogate of: Vol. 132, no. 79 (May 3, 2002).</subfield></datafield><datafield ind1=" " ind2=" " tag="752"><subfield code="a">United States</subfield><subfield code="b">Iowa</subfield><subfield code="c">Cherokee</subfield><subfield code="d">Cherokee.</subfield></datafield><datafield ind1="0" ind2="0" tag="780"><subfield code="t">Cherokee daily times</subfield><subfield code="x">0747-4776</subfield><subfield code="w">(DLC)sn 84006430</subfield><subfield code="w">(OCoLC)10902064</subfield></datafield><datafield ind1="1" ind2=" " tag="029"><subfield code="a">AU@</subfield><subfield code="b">000023557878</subfield></datafield></record>